@article{dune_tdr_vol4,
      author         = "Abi, Babak and others",
      title          = "{Deep Underground Neutrino Experiment (DUNE), Far
                        Detector Technical Design Report, Volume IV Far Detector
                        Single-phase Technology}",
      collaboration  = "DUNE",
      year           = "2020",
      eprint         = "2002.03010",
      archivePrefix  = "arXiv",
      primaryClass   = "physics.ins-det",
      reportNumber   = "FERMILAB-PUB-20-027-ND, FERMILAB-DESIGN-2020-04",
      SLACcitation   = "%%CITATION = ARXIV:2002.03010;%%"
}

@misc{wr_len_brochure,
  author = {{Seven Solutions}},
  title = {{White Rabbit LEN Brochure}},
  howpublished = {\url{{https://sevensols.com/index.php/download/brochure-white-rabbit-len/?wpdmdl=992}}},
  note = {Accessed: 2020-03-30}
}

@misc{secure_sync_datasheet,
  author = {{Orolia}},
  title = {{SecureSync Datasheet}},
  howpublished = {\url{{https://www.orolia.com/documents/securesync-datasheet}}},
  note = {Accessed: 2020-03-17}
}

@misc{secure_sync_modules,
  author = {{Orolia}},
  title = {{Option Module Cards for SecureSync Datasheet}},
  howpublished = {\url{{https://www.orolia.com/documents/option-module-cards-securesync-datasheet}}},
  note = {Accessed: 2020-03-17}
}

@misc{irig,
  author = {{Telecommunication and timing group, Range Commanders Council}},
  title = {{IRIG serial time code formats}},
  howpublished = {\url{{https://www.wsmr.army.mil/RCCsite/Documents/200-16_IRIG_Serial_Time_Code_Formats/200-16_IRIG_Serial_Time_Code_Formats.pdf}}},
  note = {Accessed: 2020-03-17}
}

@misc{wr_ohwr,
  author = {{The White Rabbit Project}},
  title = {{White Rabbit}},
  howpublished = {\url{https://www.ohwr.org/project/white-rabbit/wikis/home}}},
  note = {Accessed: 2020-03-17
}

@misc{ieee_1588_2008,
    author = {{Institute of Electrical and Electronics Engineers}},
    title = {{IEEE Standard for a Precision Clock Synchronization Protocol for Networked Measurement and Control Systems}},
    howpublished = {\url{https://ieeexplore.ieee.org/document/4579760}}},
}

@misc{amc_ohwr,
  author = {{Brazilian Synchrotron Light Laboratory and Warsaw University of Technology}},
  title = {{AMC FMC Carrier (AFC)}},
  howpublished = {\url{https://www.ohwr.org/project/afc/wikis/home}}},
  note = {Accessed: 2020-03-17
}

@misc{dts_sp_protocol,
    author    = {J. Brooke and D. Cussans and S. Paramesvaran and S. Trilov},
    title     = "DUNE-SP Timing System: Protocol and Endpoint Interface",
    note = {EDMS doc XXXXXXXX},
    url       = "EDMS_link"
}

@misc{ref:dts-system-tests,
    author    = {J. Brooke and D. Cussans and S. Paramesvaran and S. Trilov},
    title     = "DUNE-SP Timing System: Testing Plans at ProtoDUNE-2",
    note = {EDMS doc XXXXXXXX},
    url       = "EDMS_link"
}

@misc{ref:dune-installation-schedule,
    author    = {J. Brooke and D. Cussans and S. Paramesvaran and S. Trilov},
    title     = "DUNE-SP Timing System: Installation Schedule",
    note = {EDMS doc XXXXXXXX},
    url       = "EDMS_link"
}

